@article{armijo66a,
	title={Minimization of functions having Lipschitz continuous first partial derivatives},
	author={Armijo, Larry},
	journal={Pacific Journal of Mathematics},
	volume={16},
	number={1},
	pages={1--3},
	year={1966},
	publisher={Mathematical Sciences Publishers}
}

@article{barzilai88a,
	title={Two-point step size gradient methods},
	author={Barzilai, Jonathan and Borwein, Jonathan M},
	journal={IMA Journal of Numerical Analysis},
	volume={8},
	number={1},
	pages={141--148},
	year={1988}
}

@book{beck14a,
  title={Introduction to nonlinear optimization: Theory, algorithms, and applications with MATLAB},
  author={Beck, Amir},
  year={2014},
  publisher={SIAM}
}

@article{dai02a,
  title={R-linear convergence of the Barzilai and Borwein gradient method},
  author={Dai, Yu-Hong and Liao, Li-Zhi},
  journal={IMA Journal of numerical analysis},
  volume={22},
  number={1},
  pages={1--10},
  year={2002},
  publisher={Oxford University Press}
}

@article{grippo86a,
	title={A nonmonotone line search technique for {N}ewton's method},
	author={Grippo, Luigi and Lampariello, Francesco and Lucidi, Stefano},
	journal={SIAM Journal on Numerical Analysis},
	volume={23},
	number={4},
	pages={707--716},
	year={1986},
	publisher={SIAM}
}

@article{markowits52a,
	title={Portfolio selection},
	author={Markowits, Harry M},
	journal={Journal of finance},
	volume={7},
	number={1},
	pages={71--91},
	year={1952}
}

@ARTICLE{raydan97a,
	author={Raydan, M.},
	title={The {B}arzilai and {B}orwein gradient method for the large scale unconstrained minimization problem},
	journal={SIAM Journal on Optimization},
	year={1997},
	volume={7},
	number={1},
	pages={26-33},
}
