@book{beck14a,
  title={Introduction to nonlinear optimization: Theory, algorithms, and applications with MATLAB},
  author={Beck, Amir},
  year={2014},
  publisher={SIAM}
}

@article{dai02a,
  title={R-linear convergence of the Barzilai and Borwein gradient method},
  author={Dai, Yu-Hong and Liao, Li-Zhi},
  journal={IMA Journal of numerical analysis},
  volume={22},
  number={1},
  pages={1--10},
  year={2002},
  publisher={Oxford University Press}
}
